{
 "totalEvents": 766,
 "totalTransactions": 18,
 "transactions": [
  {
   "time": "2019-01-01T00:00:00Z",
   "direction": "BUY",
   "price": 10.66456005321849,
   "amount": 5
  },
  {
   "time": "2019-01-02T00:00:00Z",
   "direction": "BUY",
   "price": 0.6868230728671094,
   "amount": 5
  },
  {
   "time": "2019-01-03T00:00:00Z",
   "direction": "BUY",
   "price": 10.965471913803778,
   "amount": 5
  },
  {
   "time": "2019-01-04T00:00:00Z",
   "direction": "BUY",
   "price": 1.0674802621667954,
   "amount": 5
  },
  {
   "time": "2019-01-05T00:00:00Z",
   "direction": "BUY",
   "price": 11.258573771140593,
   "amount": 5
  },
  {
   "time": "2019-01-06T00:00:00Z",
   "direction": "BUY",
   "price": 1.4283516790237014,
   "amount": 5
  },
  {
   "time": "2019-01-07T00:00:00Z",
   "direction": "BUY",
   "price": 11.555656334696884,
   "amount": 5
  },
  {
   "time": "2019-01-08T00:00:00Z",
   "direction": "BUY",
   "price": 2.1250708447703364,
   "amount": 5
  },
  {
   "time": "2019-01-09T00:00:00Z",
   "direction": "BUY",
   "price": 12.162909774242399,
   "amount": 5
  },
  {
   "time": "2019-01-10T00:00:00Z",
   "direction": "BUY",
   "price": 2.1841914960842117,
   "amount": 5
  },
  {
   "time": "2019-01-11T00:00:00Z",
   "direction": "BUY",
   "price": 12.704009629251134,
   "amount": 5
  },
  {
   "time": "2019-01-12T00:00:00Z",
   "direction": "BUY",
   "price": 2.714777211434917,
   "amount": 5
  },
  {
   "time": "2019-01-13T00:00:00Z",
   "direction": "BUY",
   "price": 13.065815109731451,
   "amount": 5
  },
  {
   "time": "2019-01-14T00:00:00Z",
   "direction": "BUY",
   "price": 2.8122318298340336,
   "amount": 5
  },
  {
   "time": "2019-01-15T00:00:00Z",
   "direction": "SELL",
   "price": 13.746893422124023,
   "amount": 100
  },
  {
   "time": "2019-12-29T00:00:00Z",
   "direction": "BUY",
   "price": 101.26572526151998,
   "amount": 5
  },
  {
   "time": "2019-12-30T00:00:00Z",
   "direction": "BUY",
   "price": 91.50488259742896,
   "amount": 5
  },
  {
   "time": "2019-12-31T00:00:00Z",
   "direction": "BUY",
   "price": 102.16445589443533,
   "amount": 5
  }
 ],
 "sharpieRatio": 0.08059013888004031,
 "strategyName": "HelloWorld"
}